<?xml version="1.0" encoding="utf-8"?>
<record xmlns="http://www.loc.gov/MARC21/slim" xmlns:xsi="http://www.w3.org/2001/XMLSchema-instance" xsi:schemaLocation="http://www.loc.gov/MARC21/slim http://www.loc.gov/standards/marcxml/schema/MARC21slim.xsd">
	<leader>
		02444nam a2200469   4500
	</leader>
	<controlfield tag="001">
		002048950
	</controlfield>
	<controlfield tag="003">
		NNU
	</controlfield>
	<controlfield tag="006">
		m        d        
	</controlfield>
	<controlfield tag="007">
		cr cn |||m|||a
	</controlfield>
	<controlfield tag="008">
		160224m19569999ir      o     100 0 ara d
	</controlfield>
	<datafield ind1=" " ind2=" " tag="040">
		<subfield code="a">
			NNU
		</subfield>
		<subfield code="b">
			eng
		</subfield>
		<subfield code="c">
			NNU
		</subfield>
	</datafield>
	<datafield ind1=" " ind2="4" tag="050">
		<subfield code="a">
			B751.M44
		</subfield>
		<subfield code="b">
			M44 1956
		</subfield>
	</datafield>
	<datafield ind1="2" ind2=" " tag="111">
		<subfield code="6">
			880-01
		</subfield>
		<subfield code="a">
			Mihrajān al-alfī li-Ibn Sīnā
		</subfield>
		<subfield code="d">
			(1955 :
		</subfield>
		<subfield code="c">
			Tehran, Iran)
		</subfield>
	</datafield>
	<datafield ind1="1" ind2="0" tag="245">
		<subfield code="6">
			880-02
		</subfield>
		<subfield code="a">
			Kitāb al-mihrajān li-Ibn Sīnā
		</subfield>
		<subfield code="h">
			[electronic resource].
		</subfield>
	</datafield>
	<datafield ind1=" " ind2=" " tag="260">
		<subfield code="6">
			880-03
		</subfield>
		<subfield code="a">
			Ṭihrān :
		</subfield>
		<subfield code="b">
			Lajnat al-Āthār al-Waṭanīyah,
		</subfield>
		<subfield code="c">
			1376- [i.e. 1956-]
		</subfield>
	</datafield>
	<datafield ind1=" " ind2=" " tag="300">
		<subfield code="a">
			online resource (v.)
		</subfield>
	</datafield>
	<datafield ind1="1" ind2=" " tag="490">
		<subfield code="6">
			880-04
		</subfield>
		<subfield code="a">
			Nasharāt Lajnat al-Āthār al-Waṭanīyah ;
		</subfield>
		<subfield code="v">
			32
		</subfield>
	</datafield>
	<datafield ind1=" " ind2=" " tag="500">
		<subfield code="a">
			In Arabic.
		</subfield>
	</datafield>
	<datafield ind1=" " ind2=" " tag="500">
		<subfield code="a">
			At head of title: Min nasharāt Lajnat al-Āthār al-Waṭanīyah. Dhikrá al-Mihrajān al-Alfī li-Ibn Sīnā.
		</subfield>
	</datafield>
	<datafield ind1=" " ind2=" " tag="500">
		<subfield code="a">
			Added t.p.: Le livre du millenaire d'Avicenne.
		</subfield>
	</datafield>
	<datafield ind1=" " ind2=" " tag="500">
		<subfield code="a">
			v. 3. Yashtamil ʻalá Khuṭab alqāhā aʻḍāʼ al-Majmaʻ bi-al-Lughah al-ʻArabīyah
		</subfield>
	</datafield>
	<datafield ind1=" " ind2=" " tag="500">
		<subfield code="a">
			Part of the Arabic Collections Online (ACO) project, contributed by New York Univeristy Libraries.
		</subfield>
	</datafield>
	<datafield ind1=" " ind2=" " tag="533">
		<subfield code="a">
			Electronic reproduction.
		</subfield>
		<subfield code="b">
			New York, N.Y. :
		</subfield>
		<subfield code="c">
			New York University,
		</subfield>
		<subfield code="d">
			2016.
		</subfield>
		<subfield code="5">
			NNU
		</subfield>
	</datafield>
	<datafield ind1="0" ind2="0" tag="600">
		<subfield code="6">
			880-05
		</subfield>
		<subfield code="a">
			Avicenna,
		</subfield>
		<subfield code="d">
			980-1037
		</subfield>
		<subfield code="v">
			Congresses.
		</subfield>
	</datafield>
	<datafield ind1=" " ind2="0" tag="650">
		<subfield code="a">
			Islamic philosophy
		</subfield>
		<subfield code="v">
			Congresses.
		</subfield>
	</datafield>
	<datafield ind1="0" ind2="7" tag="600">
		<subfield code="a">
			Avicenna,
		</subfield>
		<subfield code="d">
			980-1037.
		</subfield>
		<subfield code="2">
			fast
		</subfield>
		<subfield code="0">
			(OCoLC)fst00048418
		</subfield>
	</datafield>
	<datafield ind1=" " ind2="7" tag="650">
		<subfield code="a">
			Islamic philosophy.
		</subfield>
		<subfield code="2">
			fast
		</subfield>
		<subfield code="0">
			(OCoLC)fst01730358
		</subfield>
	</datafield>
	<datafield ind1=" " ind2="7" tag="655">
		<subfield code="a">
			Conference papers and proceedings.
		</subfield>
		<subfield code="2">
			fast
		</subfield>
		<subfield code="0">
			(OCoLC)fst01423772
		</subfield>
	</datafield>
	<datafield ind1="2" ind2=" " tag="710">
		<subfield code="a">
			New York University.
		</subfield>
		<subfield code="b">
			Libraries.
		</subfield>
	</datafield>
	<datafield ind1="0" ind2=" " tag="730">
		<subfield code="a">
			Arabic Collections Online.
		</subfield>
	</datafield>
	<datafield ind1="0" ind2=" " tag="740">
		<subfield code="a">
			Livre du millenaire d'Avicenne.
		</subfield>
	</datafield>
	<datafield ind1="0" ind2="8" tag="776">
		<subfield code="i">
			Print version:
		</subfield>
		<subfield code="t">
			Kitāb al-mihrajān li-Ibn Sīnā
		</subfield>
		<subfield code="w">
			(NNU)002048950
		</subfield>
	</datafield>
	<datafield ind1="4" ind2="0" tag="856">
		<subfield code="u">
			http://hdl.handle.net/2333.1/kwh70w47
		</subfield>
	</datafield>
	<datafield ind1="2" ind2=" " tag="880">
		<subfield code="6">
			111-01/
		</subfield>
		<subfield code="a">
			مهرجان الالفى لاابن سىنا
		</subfield>
		<subfield code="d">
			(1955 :
		</subfield>
		<subfield code="c">
			طهران، ايران)
		</subfield>
	</datafield>
	<datafield ind1="1" ind2="0" tag="880">
		<subfield code="6">
			245-02/
		</subfield>
		<subfield code="a">
			كتاب المهرجان لاابن سينا.
		</subfield>
	</datafield>
	<datafield ind1=" " ind2=" " tag="880">
		<subfield code="6">
			260-03/
		</subfield>
		<subfield code="a">
			طهران :
		</subfield>
		<subfield code="b">
			لجنة الاثار الوطنية،
		</subfield>
		<subfield code="c">
			1376- [i.e. 1956-]
		</subfield>
	</datafield>
	<datafield ind1="1" ind2=" " tag="880">
		<subfield code="6">
			490-04/
		</subfield>
		<subfield code="a">
			نشرات لجنة الاثار الوطنية ؛
		</subfield>
		<subfield code="v">
			32
		</subfield>
	</datafield>
	<datafield ind1="0" ind2="4" tag="880">
		<subfield code="6">
			600-05/
		</subfield>
		<subfield code="a">
			ابن سينا،
		</subfield>
		<subfield code="d">
			980-1037
		</subfield>
		<subfield code="v">
			Congresses.
		</subfield>
	</datafield>
	<datafield ind1=" " ind2="0" tag="830">
		<subfield code="6">
			880-06
		</subfield>
		<subfield code="a">
			Nasharāt Lajnat al-Āthār al-Waṭanīyah ;
		</subfield>
		<subfield code="v">
			32.
		</subfield>
	</datafield>
	<datafield ind1=" " ind2="0" tag="880">
		<subfield code="6">
			830-06/
		</subfield>
		<subfield code="a">
			نشرات لجنة الاثار الوطنية ;
		</subfield>
		<subfield code="v">
			32.
		</subfield>
	</datafield>
	<datafield ind1=" " ind2=" " tag="959">
		<subfield code="a">
			NNU
		</subfield>
		<subfield code="b">
			WEB
		</subfield>
		<subfield code="c">
			GENI
		</subfield>
		<subfield code="t">
			0
		</subfield>
		<subfield code="m">
			Electronic access
		</subfield>
		<subfield code="s">
			01
		</subfield>
	</datafield>
	<datafield ind1=" " ind2=" " tag="999">
		<subfield code="i">
			NNU_002048950
		</subfield>
		<subfield code="s">
			nyu_aco001626:v.3
		</subfield>
	</datafield>
</record>
